[gd_scene load_steps=17 format=2]

[ext_resource path="res://Fonts/UbuntuRegular.ttf" type="DynamicFontData" id=1]
[ext_resource path="res://Themes/Menus/Menu.tres" type="Theme" id=3]
[ext_resource path="res://Media/InterfaceElements/CreateChatButton.svg" type="Texture" id=4]
[ext_resource path="res://Scenes/Panels/LargePanelHeader.tscn" type="PackedScene" id=5]
[ext_resource path="res://Scripts/Panels/CommunicationsPanel.gd" type="Script" id=6]
[ext_resource path="res://Scenes/InterfaceElements/ExpandButton.tscn" type="PackedScene" id=7]
[ext_resource path="res://Scenes/InterfaceElements/BackButton.tscn" type="PackedScene" id=8]

[sub_resource type="StyleBoxTexture" id=62]

[sub_resource type="Theme" id=63]
VScrollBar/styles/grabber = SubResource( 62 )
VScrollBar/styles/grabber_highlight = SubResource( 62 )
VScrollBar/styles/grabber_pressed = SubResource( 62 )
VScrollBar/styles/scroll = SubResource( 62 )
VScrollBar/styles/scroll_focus = SubResource( 62 )

[sub_resource type="Theme" id=61]
VBoxContainer/constants/separation = 10

[sub_resource type="StyleBoxFlat" id=67]
bg_color = Color( 0.74902, 0.737255, 0.721569, 1 )

[sub_resource type="Theme" id=53]
Button/constants/hseparation = 0
Button/styles/disabled = SubResource( 67 )
Button/styles/focus = SubResource( 67 )
Button/styles/hover = SubResource( 67 )
Button/styles/normal = SubResource( 67 )
Button/styles/pressed = SubResource( 67 )

[sub_resource type="DynamicFont" id=58]
size = 10
font_data = ExtResource( 1 )

[sub_resource type="StyleBoxFlat" id=59]
bg_color = Color( 0.74902, 0.737255, 0.721569, 1 )

[sub_resource type="Theme" id=66]
Button/colors/font_color = Color( 0, 0, 0, 1 )
Button/colors/font_color_disabled = Color( 0, 0, 0, 1 )
Button/colors/font_color_focus = Color( 0, 0, 0, 1 )
Button/colors/font_color_hover = Color( 0, 0, 0, 1 )
Button/colors/font_color_pressed = Color( 0, 0, 0, 1 )
Button/fonts/font = SubResource( 58 )
Button/styles/disabled = SubResource( 59 )
Button/styles/focus = SubResource( 59 )
Button/styles/hover = SubResource( 59 )
Button/styles/normal = SubResource( 59 )
Button/styles/pressed = SubResource( 59 )

[sub_resource type="Theme" id=50]
VBoxContainer/constants/separation = 5

[node name="CommunicationsPanel" type="Panel"]
margin_right = 620.0
margin_bottom = 300.0
theme = ExtResource( 3 )
script = ExtResource( 6 )

[node name="Chats" type="Control" parent="."]
anchor_right = 1.0
anchor_bottom = 1.0

[node name="ScrollContainer" type="ScrollContainer" parent="Chats"]
anchor_right = 1.0
anchor_bottom = 1.0
margin_left = 10.0
margin_top = 50.0
margin_right = -10.0
margin_bottom = -10.0
theme = SubResource( 63 )

[node name="VBoxContainer" type="VBoxContainer" parent="Chats/ScrollContainer"]
margin_right = 600.0
margin_bottom = 240.0
size_flags_horizontal = 3
size_flags_vertical = 3
theme = SubResource( 61 )

[node name="Separator" type="Control" parent="Chats/ScrollContainer/VBoxContainer"]
margin_right = 600.0

[node name="LargePanelHeader" parent="Chats" instance=ExtResource( 5 )]

[node name="HeaderLabel" parent="Chats/LargePanelHeader" index="1"]
text = "COMMUNICATIONS"

[node name="CreateChatButton" type="Button" parent="Chats/LargePanelHeader"]
anchor_left = 1.0
anchor_right = 1.0
margin_left = -40.0
margin_top = 10.0
margin_right = -10.0
margin_bottom = 40.0
theme = SubResource( 53 )
icon = ExtResource( 4 )
expand_icon = true

[node name="Messages" type="Control" parent="."]
anchor_right = 1.0
anchor_bottom = 1.0

[node name="ScrollContainer" type="ScrollContainer" parent="Messages"]
anchor_right = 1.0
anchor_bottom = 1.0
margin_left = 20.0
margin_top = 50.0
margin_right = -20.0
margin_bottom = -80.0
theme = ExtResource( 3 )

[node name="VBoxContainer" type="VBoxContainer" parent="Messages/ScrollContainer"]
margin_right = 580.0
margin_bottom = 170.0
size_flags_horizontal = 3
size_flags_vertical = 3
theme = SubResource( 61 )

[node name="Separator" type="Control" parent="Messages/ScrollContainer/VBoxContainer"]
margin_right = 580.0

[node name="SendButton" type="Button" parent="Messages"]
anchor_left = 1.0
anchor_top = 1.0
anchor_right = 1.0
anchor_bottom = 1.0
margin_left = -60.0
margin_top = -40.0
margin_right = -10.0
margin_bottom = -10.0
theme = SubResource( 66 )
text = "SEND"

[node name="LargePanelHeader" parent="Messages" instance=ExtResource( 5 )]

[node name="PlayerPills" type="VBoxContainer" parent="Messages/LargePanelHeader"]
anchor_right = 1.0
margin_left = 45.0
margin_top = 7.6
margin_right = -45.0
margin_bottom = 42.6
theme = SubResource( 50 )
alignment = 1

[node name="BackButton" parent="Messages/LargePanelHeader" instance=ExtResource( 8 )]

[node name="TextEdit" type="TextEdit" parent="Messages"]
anchor_top = 1.0
anchor_right = 1.0
anchor_bottom = 1.0
margin_left = 10.0
margin_top = -70.0
margin_right = -70.0
margin_bottom = -10.0
grow_vertical = 0
size_flags_horizontal = 3
size_flags_vertical = 3
context_menu_enabled = false
wrap_enabled = true
caret_blink = true

[node name="ExpandButton" parent="." instance=ExtResource( 7 )]

[connection signal="pressed" from="Chats/LargePanelHeader/CreateChatButton" to="." method="_on_CreateChatButton_pressed"]
[connection signal="pressed" from="Messages/SendButton" to="." method="_on_SendButton_pressed"]
[connection signal="pressed" from="Messages/LargePanelHeader/BackButton" to="." method="_on_BackButton_pressed"]

[editable path="Chats/LargePanelHeader"]
[editable path="Messages/LargePanelHeader"]
