[gd_scene load_steps=9 format=2]

[ext_resource path="res://Fonts/UbuntuRegular.ttf" type="DynamicFontData" id=1]
[ext_resource path="res://Scripts/InterfaceElements/Message.gd" type="Script" id=3]

[sub_resource type="Theme" id=3]
VBoxContainer/constants/separation = 2

[sub_resource type="Theme" id=5]
HBoxContainer/constants/separation = 5

[sub_resource type="DynamicFont" id=6]
size = 10
font_data = ExtResource( 1 )

[sub_resource type="Theme" id=7]
Label/colors/font_color = Color( 0.419608, 0.411765, 0.403922, 1 )
Label/fonts/font = SubResource( 6 )

[sub_resource type="DynamicFont" id=4]
font_data = ExtResource( 1 )

[sub_resource type="Theme" id=2]
Label/colors/font_color = Color( 0, 0, 0, 1 )
Label/fonts/font = SubResource( 4 )

[node name="Message" type="VBoxContainer" groups=["Message"]]
margin_right = 50.0
margin_bottom = 50.0
size_flags_horizontal = 3
theme = SubResource( 3 )
script = ExtResource( 3 )

[node name="Header" type="Control" parent="."]
margin_right = 50.0
margin_bottom = 15.0
rect_min_size = Vector2( 0, 15 )
mouse_filter = 2

[node name="HBoxContainer" type="HBoxContainer" parent="Header"]
anchor_right = 1.0
anchor_bottom = 1.0
rect_min_size = Vector2( 0, 15 )
mouse_filter = 2
theme = SubResource( 5 )

[node name="TimeLabel" type="Label" parent="Header"]
anchor_left = 1.0
anchor_right = 1.0
anchor_bottom = 1.0
grow_horizontal = 0
size_flags_vertical = 3
theme = SubResource( 7 )
text = "0s ago"
valign = 1

[node name="TextLabel" type="Label" parent="."]
margin_top = 17.0
margin_right = 50.0
margin_bottom = 50.0
size_flags_horizontal = 3
size_flags_vertical = 3
theme = SubResource( 2 )
text = "Text"
autowrap = true
